% Use this file for citations not found in the ACL Anthology (contained in "anthology.bib").

@article{feng2021survey,
  title={A survey of data augmentation approaches for NLP},
  author={Feng, Steven Y and Gangal, Varun and Wei, Jason and Chandar, Sarath and Vosoughi, Soroush and Mitamura, Teruko and Hovy, Eduard},
  journal={arXiv preprint arXiv:2105.03075},
  year={2021}
}

@article{devlin2018bert,
  title={Bert: Pre-training of deep bidirectional transformers for language understanding},
  author={Devlin, Jacob and Chang, Ming-Wei and Lee, Kenton and Toutanova, Kristina},
  journal={arXiv preprint arXiv:1810.04805},
  year={2018}
}

@article{bowman2015large,
  title={A large annotated corpus for learning natural language inference},
  author={Bowman, Samuel R and Angeli, Gabor and Potts, Christopher and Manning, Christopher D},
  journal={arXiv preprint arXiv:1508.05326},
  year={2015}
}

@inproceedings{NIPS2015_250cf8b5,
 author = {Zhang, Xiang and Zhao, Junbo and LeCun, Yann},
 booktitle = {Advances in Neural Information Processing Systems},
 editor = {C. Cortes and N. Lawrence and D. Lee and M. Sugiyama and R. Garnett},
 pages = {},
 publisher = {Curran Associates, Inc.},
 title = {Character-level Convolutional Networks for Text Classification},
 url = {https://proceedings.neurips.cc/paper_files/paper/2015/file/250cf8b51c773f3f8dc8b4be867a9a02-Paper.pdf},
 volume = {28},
 year = {2015}
}

@inproceedings{wang2015s,
  title={Thatâ€™s so annoying!!!: A lexical and frame-semantic embedding based data augmentation approach to automatic categorization of annoying behaviors using\# petpeeve tweets},
  author={Wang, William Yang and Yang, Diyi},
  booktitle={Proceedings of the 2015 conference on empirical methods in natural language processing},
  pages={2557--2563},
  year={2015}
}

@article{fadaee2017data,
  title={Data augmentation for low-resource neural machine translation},
  author={Fadaee, Marzieh and Bisazza, Arianna and Monz, Christof},
  journal={arXiv preprint arXiv:1705.00440},
  year={2017}
}

@article{kobayashi2018contextual,
  title={Contextual augmentation: Data augmentation by words with paradigmatic relations},
  author={Kobayashi, Sosuke},
  journal={arXiv preprint arXiv:1805.06201},
  year={2018}
}

@inproceedings{kafle2017data,
  title={Data augmentation for visual question answering},
  author={Kafle, Kushal and Yousefhussien, Mohammed and Kanan, Christopher},
  booktitle={Proceedings of the 10th International Conference on Natural Language Generation},
  pages={198--202},
  year={2017}
}

@article{sennrich2015improving,
  title={Improving neural machine translation models with monolingual data},
  author={Sennrich, Rico and Haddow, Barry and Birch, Alexandra},
  journal={arXiv preprint arXiv:1511.06709},
  year={2015}
}

@mastersthesis{chen2015convolutional,
  title={Convolutional neural network for sentence classification},
  author={Chen, Yahui},
  year={2015},
  school={University of Waterloo}
}
